<?xml version="1.0" encoding="UTF-8"?><collection xmlns="http://www.loc.gov/MARC21/slim"><record><leader>00494nam--2200169-i-4500</leader><controlfield tag="001">000047962</controlfield><controlfield tag="002">20161230</controlfield><controlfield tag="005">20161230201046</controlfield><controlfield tag="008">060222s1000------------r-----000-0-eng-d</controlfield><datafield ind1=" " ind2=" " tag="040"><subfield code="a">IFIN-HH</subfield></datafield><datafield ind1=" " ind2=" " tag="080"><subfield code="a">015:539.163.3:546.49</subfield></datafield><datafield ind1="1" ind2=" " tag="100"><subfield code="a">Wyrick, John M</subfield></datafield><datafield ind1="1" ind2="0" tag="245"><subfield code="a">Beta-gamma directional correlation of hg203</subfield><subfield code="b">Dissertation</subfield><subfield code="c">John m. wyrick</subfield></datafield><datafield ind1=" " ind2=" " tag="260"><subfield code="a">Ann Arbor, Michigan</subfield><subfield code="b">University Microfilms</subfield><subfield code="c">1970</subfield></datafield><datafield ind1=" " ind2=" " tag="300"><subfield code="a">XII + 190P</subfield></datafield><datafield ind1=" " ind2=" " tag="852"><subfield code="a">37841</subfield><subfield code="c">539.163.2</subfield></datafield><datafield ind1=" " ind2=" " tag="CAT"><subfield code="a">Sys</subfield><subfield code="c">20120524</subfield><subfield code="h">133643</subfield></datafield></record></collection>